
    <record>
      <header>
        <identifier>aleph-publish:004602962</identifier>
      </header>
      <metadata>
        <record xmlns="http://www.ddb.de/professionell/mabxml/mabxml-1.xsd">
          <leader>00000pM2.01200024------h</leader>
          <controlfield tag="LDR">00000pM2.01200024------h</controlfield>
          <controlfield tag="FMT">MH</controlfield>
          <datafield tag="001" ind1="-" ind2="1">
            <subfield code="a">BV039697288</subfield>
          </datafield>
          <datafield tag="025" ind1="l" ind2="1">
            <subfield code="a">LO 2011031757</subfield>
          </datafield>
          <datafield tag="026" ind1="-" ind2="1">
            <subfield code="a">BVBBV039697287</subfield>
          </datafield>
          <controlfield tag="030">z|1dkz|z|||17</controlfield>
          <datafield tag="036" ind1="a" ind2="1">
            <subfield code="a">US</subfield>
          </datafield>
          <datafield tag="037" ind1="b" ind2="1">
            <subfield code="a">eng</subfield>
          </datafield>
          <controlfield tag="050">a|a|||||||||||</controlfield>
          <controlfield tag="051">s|||z|||</controlfield>
          <datafield tag="080" ind1="-" ind2="1">
            <subfield code="a">05</subfield>
          </datafield>
          <datafield tag="100" ind1="-" ind2="1">
            <subfield code="p">Polley, Jason S.</subfield>
            <subfield code="9">(DE-588)1017046816</subfield>
          </datafield>
          <datafield tag="331" ind1="-" ind2="1">
            <subfield code="a">Jane Smiley, Jonathan Franzen, Don DeLillo</subfield>
          </datafield>
          <datafield tag="335" ind1="-" ind2="1">
            <subfield code="a">narratives of everyday justice</subfield>
          </datafield>
          <datafield tag="359" ind1="-" ind2="1">
            <subfield code="a">Jason S. Polley</subfield>
          </datafield>
          <datafield tag="410" ind1="-" ind2="1">
            <subfield code="a">New York [u.a.]</subfield>
          </datafield>
          <datafield tag="412" ind1="-" ind2="1">
            <subfield code="a">Lang</subfield>
          </datafield>
          <datafield tag="425" ind1="-" ind2="1">
            <subfield code="a">2011</subfield>
          </datafield>
          <datafield tag="425" ind1="a" ind2="1">
            <subfield code="a">2011</subfield>
          </datafield>
          <datafield tag="433" ind1="-" ind2="1">
            <subfield code="a">VIII, 263 S.</subfield>
          </datafield>
          <datafield tag="451" ind1="-" ind2="1">
            <subfield code="a">Modern American literature ; 60</subfield>
          </datafield>
          <datafield tag="453" ind1="r" ind2="1">
            <subfield code="a">BV011078064</subfield>
          </datafield>
          <datafield tag="455" ind1="-" ind2="1">
            <subfield code="a">60</subfield>
          </datafield>
          <datafield tag="456" ind1="-" ind2="1">
            <subfield code="a">60</subfield>
          </datafield>
          <datafield tag="517" ind1="-" ind2="1">
            <subfield code="a">Includes bibliographical references and index</subfield>
          </datafield>
          <datafield tag="540" ind1="a" ind2="1">
            <subfield code="a">978-1-4331-1294-2</subfield>
            <subfield code="b">hbk</subfield>
          </datafield>
          <datafield tag="540" ind1="a" ind2="1">
            <subfield code="a">978-1-4539-0191-5</subfield>
            <subfield code="b">e-book</subfield>
          </datafield>
          <datafield tag="655" ind1="e" ind2="1">
            <subfield code="u">http://bvbr.bib-bvb.de:8991/F?func=service&amp;doc_library=BVB01&amp;doc_number=024545907&amp;line_number=0001&amp;func_code=DB_RECORDS&amp;service_type=MEDIA</subfield>
            <subfield code="3">Inhaltsverzeichnis</subfield>
          </datafield>
        </record>
      </metadata>
    </record>
  </ListRecords>
</OAI-PMH>
